<record><leader>00000cas a2200000 a 4500</leader><controlfield tag="001">46461097</controlfield><controlfield tag="007">hd afb---bacp</controlfield><controlfield tag="007">hd bfb---babp</controlfield><controlfield tag="008">010315u1970uuuuas wr nea     0    0eng c</controlfield><datafield ind1=" " ind2=" " tag="010"><subfield code="a">  2001252540</subfield></datafield><datafield ind1=" " ind2=" " tag="040"><subfield code="a">WAU</subfield><subfield code="b">eng</subfield><subfield code="c">WAU</subfield><subfield code="d">DLC</subfield><subfield code="d">OCLCQ</subfield><subfield code="d">OCLCF</subfield><subfield code="d">OCLCO</subfield><subfield code="d">OCLCQ</subfield></datafield><datafield ind1="0" ind2=" " tag="041"><subfield code="a">eng</subfield><subfield code="a">smo</subfield></datafield><datafield ind1=" " ind2=" " tag="042"><subfield code="a">pcc</subfield></datafield><datafield ind1=" " ind2=" " tag="043"><subfield code="a">poas---</subfield></datafield><datafield ind1="0" ind2=" " tag="130"><subfield code="a">Samoa times (Pago Pago, American Samoa : 1970)</subfield></datafield><datafield ind1="1" ind2="4" tag="245"><subfield code="a">The Samoa times.</subfield></datafield><datafield ind1=" " ind2=" " tag="250"><subfield code="a">Pago Pago ed.</subfield></datafield><datafield ind1=" " ind2=" " tag="260"><subfield code="a">Pago Pago, American Samoa :</subfield><subfield code="b">Samoa Times,</subfield><subfield code="c">1970-</subfield></datafield><datafield ind1=" " ind2=" " tag="300"><subfield code="a">volumes :</subfield><subfield code="b">illustrations</subfield></datafield><datafield ind1=" " ind2=" " tag="310"><subfield code="a">Weekly</subfield></datafield><datafield ind1=" " ind2=" " tag="336"><subfield code="a">text</subfield><subfield code="b">txt</subfield><subfield code="2">rdacontent</subfield></datafield><datafield ind1=" " ind2=" " tag="337"><subfield code="a">microform</subfield><subfield code="b">h</subfield><subfield code="2">rdamedia</subfield></datafield><datafield ind1=" " ind2=" " tag="338"><subfield code="a">microfilm reel</subfield><subfield code="b">hd</subfield><subfield code="2">rdacarrier</subfield></datafield><datafield ind1="0" ind2=" " tag="362"><subfield code="a">Vol. 1, no. 1 (June 23, 1970)-</subfield></datafield><datafield ind1=" " ind2=" " tag="546"><subfield code="a">English and Samoan.</subfield></datafield><datafield ind1=" " ind2=" " tag="533"><subfield code="a">Microfilm.</subfield><subfield code="b">[Seattle, Wash.] :</subfield><subfield code="c">Filmed for the University of Washington Libraries,</subfield><subfield code="d">1984.</subfield><subfield code="e">1 microfilm reel ; 35 mm.</subfield><subfield code="n">Missing issues.</subfield></datafield><datafield ind1=" " ind2="0" tag="651"><subfield code="a">Pago Pago (American Samoa)</subfield><subfield code="v">Newspapers.</subfield></datafield><datafield ind1=" " ind2="0" tag="651"><subfield code="a">American Samoa</subfield><subfield code="v">Newspapers.</subfield></datafield><datafield ind1=" " ind2="7" tag="651"><subfield code="a">American Samoa.</subfield><subfield code="2">fast</subfield><subfield code="0">(OCoLC)fst01207148</subfield></datafield><datafield ind1=" " ind2="7" tag="651"><subfield code="a">American Samoa</subfield><subfield code="z">Pago Pago.</subfield><subfield code="2">fast</subfield><subfield code="0">(OCoLC)fst01211416</subfield></datafield><datafield ind1=" " ind2="7" tag="655"><subfield code="a">Newspapers.</subfield><subfield code="2">fast</subfield><subfield code="0">(OCoLC)fst01423814</subfield></datafield><datafield ind1=" " ind2=" " tag="752"><subfield code="a">United States</subfield><subfield code="b">American Samoa</subfield><subfield code="d">Pago Pago.</subfield></datafield><datafield ind1="1" ind2=" " tag="029"><subfield code="a">AU@</subfield><subfield code="b">000022558892</subfield></datafield></record>